% This file was created with JabRef 2.10.
% Encoding: Cp1252

@article{einstein,
    author =       "Albert Einstein",
    title     = "The Companion",
    journal =      "Annalen der Physik",
    year =         "1905"
}

@book{latexcompanion,
    author    = "Michel Goossens and Frank Mittelbach and Alexander Samarin",
    title     = "The Companion",
    year      = "1993",
    publisher = "Addison-Wesley",
    address   = "Reading, Massachusetts"
}

@misc{knuthwebsite,
    author    = "Donald Knuth",
    title     = "Knuth: Computers and Typesetting"
}